@article{knuth84,
  author = {Knuth, Donald E.},
  title = {Literate Programming},
  year = {1984},
  issue_date = {May 1984},
  publisher = {Oxford University Press, Inc.},
  address = {USA},
  volume = {27},
  number = {2},
  issn = {0010-4620},
  url = {https://doi.org/10.1093/comjnl/27.2.97},
  doi = {10.1093/comjnl/27.2.97},
  journal = {Comput. J.},
  month = may,
  pages = {97–111},
  numpages = {15}
}



@article{Kalisch-Smith2020,
	title = {Environmental Risk Factors for Congenital Heart Disease},
	author = {Kalisch-Smith, Jacinta Isabelle and Ved, Nikita and Sparrow, Duncan Burnaby},
	year = {2019},
	month = {09},
	date = {2019-09-23},
	journal = {Cold Spring Harbor Perspectives in Biology},
	pages = {a037234},
	volume = {12},
	number = {3},
	doi = {10.1101/cshperspect.a037234},
	url = {http://dx.doi.org/10.1101/cshperspect.a037234},
	langid = {en}
}

@article{øyen2009,
	title = {Recurrence of Congenital Heart Defects in Families},
	author = {{Øyen}, Nina and Poulsen, Gry and Boyd, Heather A. and Wohlfahrt, Jan and Jensen, Peter K.A. and Melbye, Mads},
	year = {2009},
	month = {07},
	date = {2009-07-28},
	journal = {Circulation},
	pages = {295--301},
	volume = {120},
	number = {4},
	doi = {10.1161/circulationaha.109.857987},
	url = {http://dx.doi.org/10.1161/CIRCULATIONAHA.109.857987},
	langid = {en}
}

@article{wang2023,
	title = {Chromosomal abnormalities in fetuses with congenital heart disease: a meta-analysis},
	author = {Wang, Huaming and Lin, Xi and Lyu, Guorong and He, Shaozheng and Dong, Bingtian and Yang, Yiru},
	year = {2023},
	month = {01},
	date = {2023-01-07},
	journal = {Archives of Gynecology and Obstetrics},
	pages = {797--811},
	volume = {308},
	number = {3},
	doi = {10.1007/s00404-023-06910-3},
	url = {http://dx.doi.org/10.1007/s00404-023-06910-3},
	langid = {en}
}

@article{ko2015,
	title = {Genetic Syndromes associated with Congenital Heart Disease},
	author = {Ko, Jung Min},
	year = {2015},
	date = {2015},
	journal = {Korean Circulation Journal},
	pages = {357},
	volume = {45},
	number = {5},
	doi = {10.4070/kcj.2015.45.5.357},
	url = {http://dx.doi.org/10.4070/kcj.2015.45.5.357},
	langid = {en}
}

@article{borges-lujan2022,
	title = {Sex Differences in Patent Ductus Arteriosus Incidence and Response to Pharmacological Treatment in Preterm Infants: A Systematic Review, Meta-Analysis and Meta-Regression},
	author = {Borges-Lujan, Moreyba and Gonzalez-Luis, Gema E. and Roosen, Tom and Huizing, Maurice J. and Villamor, Eduardo},
	year = {2022},
	month = {07},
	date = {2022-07-14},
	journal = {Journal of Personalized Medicine},
	pages = {1143},
	volume = {12},
	number = {7},
	doi = {10.3390/jpm12071143},
	url = {http://dx.doi.org/10.3390/jpm12071143},
	langid = {en}
}

@article{yuan2021,
	title = {Investigation of echocardiographic characteristics and predictors for persistent defects of patent foramen ovale or patent ductus arteriosus in Chinese newborns},
	author = {Yuan, Zhen and Zhang, Long-Zhen and Li, Bin and Chung, Hung-Tao and Jiang, Jin-Xin and Chiang, John Y. and Chiang, Hsin-Ju and Yip, Hon-Kan and Sung, Pei-Hsun},
	year = {2021},
	month = {04},
	date = {2021-04},
	journal = {Biomedical Journal},
	pages = {209--216},
	volume = {44},
	number = {2},
	doi = {10.1016/j.bj.2019.12.007},
	url = {http://dx.doi.org/10.1016/j.bj.2019.12.007},
	langid = {en}
}

@article{caputo2005,
	title = {Familial recurrence of congenital heart disease in patients with ostium secundum atrial septal defect},
	author = {Caputo, Salvatore and Capozzi, Giovanbattista and Russo, Maria Giovanna and Esposito, Teresa and Martina, Lucia and Cardaropoli, Dominga and Ricci, Concetta and Argiento, Paola and Pacileo, Giuseppe and {Calabrò}, Raffaele},
	year = {2005},
	month = {06},
	date = {2005-06-24},
	journal = {European Heart Journal},
	pages = {2179--2184},
	volume = {26},
	number = {20},
	doi = {10.1093/eurheartj/ehi378},
	url = {http://dx.doi.org/10.1093/eurheartj/ehi378},
	langid = {en}
}

@article{rooshesselink2004,
	title = {Outcome of patients after surgical closure of ventricular septal defect at young age: longitudinal follow-up of 22?34 years},
	author = {ROOSHESSELINK, J},
	year = {2004},
	month = {06},
	date = {2004-06},
	journal = {European Heart Journal},
	pages = {1057--1062},
	volume = {25},
	number = {12},
	doi = {10.1016/j.ehj.2004.04.012},
	url = {http://dx.doi.org/10.1016/j.ehj.2004.04.012},
	langid = {en}
}

@article{jortveit2016,
	title = {Mortality and complications in 3495 children with isolated ventricular septal defects},
	author = {Jortveit, Jarle and Leirgul, Elisabeth and Eskedal, Leif and Greve, Gottfried and Fomina, Tatiana and {Døhlen}, Gaute and Tell, Grethe S and Birkeland, Sigurd and {Øyen}, Nina and {Holmstrøm}, Henrik},
	year = {2016},
	month = {04},
	date = {2016-04-18},
	journal = {Archives of Disease in Childhood},
	pages = {808--813},
	volume = {101},
	number = {9},
	doi = {10.1136/archdischild-2015-310154},
	url = {http://dx.doi.org/10.1136/archdischild-2015-310154},
	langid = {en}
}

@article{smith2019,
	title = {Long-term Outcomes of Tetralogy of Fallot},
	author = {Smith, Clayton A. and McCracken, Courtney and Thomas, Amanda S. and Spector, Logan G. and St Louis, James D. and Oster, Matthew E. and Moller, James H. and Kochilas, Lazaros},
	year = {2019},
	month = {01},
	date = {2019-01-01},
	journal = {JAMA Cardiology},
	pages = {34},
	volume = {4},
	number = {1},
	doi = {10.1001/jamacardio.2018.4255},
	url = {http://dx.doi.org/10.1001/jamacardio.2018.4255},
	langid = {en}
}

@article{moir2011,
	title = {Pathogenic Mechanisms of HIV Disease},
	author = {Moir, Susan and Chun, Tae-Wook and Fauci, Anthony S.},
	year = {2011},
	month = {02},
	date = {2011-02-28},
	journal = {Annual Review of Pathology: Mechanisms of Disease},
	pages = {223--248},
	volume = {6},
	number = {1},
	doi = {10.1146/annurev-pathol-011110-130254},
	url = {http://dx.doi.org/10.1146/annurev-pathol-011110-130254},
	langid = {en}
}

@article{cunningham2000,
	title = {The level of HIV infection of macrophages is determined by interaction of viral and host cell genotypes},
	author = {Cunningham, A L and Li, S and Juarez, J and Lynch, G and Alali, M and Naif, H},
	year = {2000},
	month = {09},
	date = {2000-09-01},
	journal = {Journal of Leukocyte Biology},
	pages = {311--317},
	volume = {68},
	number = {3},
	doi = {10.1189/jlb.68.3.311},
	url = {http://dx.doi.org/10.1189/jlb.68.3.311},
	langid = {en}
}

@article{wilen2012,
	title = {HIV: Cell Binding and Entry},
	author = {Wilen, C. B. and Tilton, J. C. and Doms, R. W.},
	year = {2012},
	month = {04},
	date = {2012-04-10},
	journal = {Cold Spring Harbor Perspectives in Medicine},
	pages = {a006866--a006866},
	volume = {2},
	number = {8},
	doi = {10.1101/cshperspect.a006866},
	url = {http://dx.doi.org/10.1101/cshperspect.a006866},
	langid = {en}
}

@article{ghs2023jointreview,
  title = {Ghana Health Service Holds Annual Joint TB/HIV Performance Review Meeting},
  author = {{Ghana Health Service}},
  journal = {GHS News},
  year = {2023},
  url = {https://ghs.gov.gh/2023/01/22/ghana-health-service-holds-annual-joint-tb-hiv-performance-review-meeting/}
}

@article{who2023hiv,
  title = {HIV and AIDS},
  author = {{World Health Organization (WHO)}},
  journal = {Fact Sheets},
  year = {2023},
  url = {https://www.who.int/news-room/fact-sheets/detail/hiv-aids}
}

@article{zhang2022,
	title = {The impact of Mycobacterium tuberculosis complex in the environment on one health approach},
	author = {Zhang, Haobo and Liu, Mengda and Fan, Weixing and Sun, Shufang and Fan, Xiaoxu},
	year = {2022},
	month = {09},
	date = {2022-09-07},
	journal = {Frontiers in Public Health},
	volume = {10},
	doi = {10.3389/fpubh.2022.994745},
	url = {http://dx.doi.org/10.3389/fpubh.2022.994745}
}

@article{alsayed2023,
	title = {Tuberculosis: Pathogenesis, Current Treatment Regimens and New Drug Targets},
	author = {Alsayed, Shahinda S. R. and Gunosewoyo, Hendra},
	year = {2023},
	month = {03},
	date = {2023-03-08},
	journal = {International Journal of Molecular Sciences},
	pages = {5202},
	volume = {24},
	number = {6},
	doi = {10.3390/ijms24065202},
	url = {http://dx.doi.org/10.3390/ijms24065202},
	langid = {en}
}
